%% This BibTeX bibliography file was created using BibDesk.
%% http://bibdesk.sourceforge.net/

%% Saved with string encoding Unicode (UTF-8) 

@manual{amslaurea6701,
           title = {Redazione di presentazioni e dispense. Un esempio: I quaternioni nella computer-graphics},
          author = {Giuliana Figna},
             url = {http://amslaurea.unibo.it/6701/},
        keywords = {Latex  Quaternioni Inkscape  Eulero Angoli rotazioni slerp},
        	year = {2014},
}

@manual{Eberly2016RotationRA,
  title = {Rotation Representations and Performance Issues},
  author={David Eberly},
  year={2016}
}

@manual{pyquaternion,
  author       = {Kieran Wynn}, 
  title        = {pyquaternion},
  url          = {https://github.com/KieranWynn/pyquaternion},
  month        = {12},
  year         = {2017},
}

@manual{numpy-quaternion,
  author       = {Mike Boyle}, 
  title        = {numpy-quaternionn},
  url          = {https://github.com/moble/quaternion},
  month        = {05},
  year         = {2018},
}